{
    "dailyStats": [
      {
        "date": "2025-09-07",
        "revenue": 23095,
        "signups": 1209,
        "conversionRate": 4.2
      },
      {
        "date": "2025-09-08",
        "revenue": 41783,
        "signups": 1172,
        "conversionRate": 3.45
      },
      {
        "date": "2025-09-09",
        "revenue": 14339,
        "signups": 1651,
        "conversionRate": 2.63
      },
      {
        "date": "2025-09-10",
        "revenue": 19699,
        "signups": 1253,
        "conversionRate": 4.54
      },
      {
        "date": "2025-09-11",
        "revenue": 27201,
        "signups": 1691,
        "conversionRate": 3.55
      },
      {
        "date": "2025-09-12",
        "revenue": 28689,
        "signups": 1451,
        "conversionRate": 3.34
      },
      {
        "date": "2025-09-13",
        "revenue": 22566,
        "signups": 577,
        "conversionRate": 3.4
      },
      {
        "date": "2025-09-14",
        "revenue": 32272,
        "signups": 1819,
        "conversionRate": 2.1
      },
      {
        "date": "2025-09-15",
        "revenue": 40823,
        "signups": 1177,
        "conversionRate": 4.61
      },
      {
        "date": "2025-09-16",
        "revenue": 48325,
        "signups": 521,
        "conversionRate": 1.46
      },
      {
        "date": "2025-09-17",
        "revenue": 22174,
        "signups": 1350,
        "conversionRate": 3.91
      },
      {
        "date": "2025-09-18",
        "revenue": 45494,
        "signups": 1286,
        "conversionRate": 3.73
      },
      {
        "date": "2025-09-19",
        "revenue": 32137,
        "signups": 1586,
        "conversionRate": 2.92
      },
      {
        "date": "2025-09-20",
        "revenue": 40885,
        "signups": 950,
        "conversionRate": 4.91
      },
      {
        "date": "2025-09-21",
        "revenue": 20849,
        "signups": 1352,
        "conversionRate": 1.29
      },
      {
        "date": "2025-09-22",
        "revenue": 24055,
        "signups": 1553,
        "conversionRate": 2.43
      },
      {
        "date": "2025-09-23",
        "revenue": 27814,
        "signups": 791,
        "conversionRate": 1.23
      },
      {
        "date": "2025-09-24",
        "revenue": 16537,
        "signups": 879,
        "conversionRate": 4.77
      },
      {
        "date": "2025-09-25",
        "revenue": 11972,
        "signups": 589,
        "conversionRate": 2.83
      },
      {
        "date": "2025-09-26",
        "revenue": 35754,
        "signups": 935,
        "conversionRate": 4.32
      },
      {
        "date": "2025-09-27",
        "revenue": 21517,
        "signups": 1040,
        "conversionRate": 2.38
      },
      {
        "date": "2025-09-28",
        "revenue": 38134,
        "signups": 1187,
        "conversionRate": 1.91
      },
      {
        "date": "2025-09-29",
        "revenue": 13176,
        "signups": 760,
        "conversionRate": 3.31
      },
      {
        "date": "2025-09-30",
        "revenue": 12078,
        "signups": 706,
        "conversionRate": 3.47
      },
      {
        "date": "2025-10-01",
        "revenue": 47253,
        "signups": 987,
        "conversionRate": 1.16
      },
      {
        "date": "2025-10-02",
        "revenue": 26102,
        "signups": 821,
        "conversionRate": 4.25
      },
      {
        "date": "2025-10-03",
        "revenue": 34989,
        "signups": 733,
        "conversionRate": 1.65
      },
      {
        "date": "2025-10-04",
        "revenue": 11509,
        "signups": 984,
        "conversionRate": 1.61
      },
      {
        "date": "2025-10-05",
        "revenue": 10060,
        "signups": 1848,
        "conversionRate": 2.43
      },
      {
        "date": "2025-10-06",
        "revenue": 17315,
        "signups": 1092,
        "conversionRate": 1.77
      },
      {
        "date": "2025-10-07",
        "revenue": 15508,
        "signups": 1631,
        "conversionRate": 3.39
      },
      {
        "date": "2025-10-08",
        "revenue": 20393,
        "signups": 1113,
        "conversionRate": 2.9
      },
      {
        "date": "2025-10-09",
        "revenue": 36528,
        "signups": 1679,
        "conversionRate": 1.98
      },
      {
        "date": "2025-10-10",
        "revenue": 48237,
        "signups": 1504,
        "conversionRate": 2.35
      },
      {
        "date": "2025-10-11",
        "revenue": 49099,
        "signups": 625,
        "conversionRate": 3.11
      },
      {
        "date": "2025-10-12",
        "revenue": 34848,
        "signups": 1469,
        "conversionRate": 4.7
      },
      {
        "date": "2025-10-13",
        "revenue": 31407,
        "signups": 1778,
        "conversionRate": 3.15
      },
      {
        "date": "2025-10-14",
        "revenue": 33702,
        "signups": 599,
        "conversionRate": 4
      },
      {
        "date": "2025-10-15",
        "revenue": 44836,
        "signups": 553,
        "conversionRate": 1.5
      },
      {
        "date": "2025-10-16",
        "revenue": 41087,
        "signups": 1447,
        "conversionRate": 2.49
      },
      {
        "date": "2025-10-17",
        "revenue": 29500,
        "signups": 635,
        "conversionRate": 4.78
      },
      {
        "date": "2025-10-18",
        "revenue": 12727,
        "signups": 1647,
        "conversionRate": 2.71
      },
      {
        "date": "2025-10-19",
        "revenue": 24635,
        "signups": 1397,
        "conversionRate": 1.39
      },
      {
        "date": "2025-10-20",
        "revenue": 33669,
        "signups": 1809,
        "conversionRate": 3.62
      },
      {
        "date": "2025-10-21",
        "revenue": 31689,
        "signups": 1402,
        "conversionRate": 3.48
      },
      {
        "date": "2025-10-22",
        "revenue": 20304,
        "signups": 877,
        "conversionRate": 3.39
      },
      {
        "date": "2025-10-23",
        "revenue": 35762,
        "signups": 794,
        "conversionRate": 2.77
      },
      {
        "date": "2025-10-24",
        "revenue": 15484,
        "signups": 1045,
        "conversionRate": 3.87
      },
      {
        "date": "2025-10-25",
        "revenue": 30511,
        "signups": 1093,
        "conversionRate": 2.78
      },
      {
        "date": "2025-10-26",
        "revenue": 48867,
        "signups": 762,
        "conversionRate": 2.56
      },
      {
        "date": "2025-10-27",
        "revenue": 39996,
        "signups": 1469,
        "conversionRate": 2.25
      },
      {
        "date": "2025-10-28",
        "revenue": 29020,
        "signups": 654,
        "conversionRate": 2.66
      },
      {
        "date": "2025-10-29",
        "revenue": 48743,
        "signups": 1297,
        "conversionRate": 2.45
      },
      {
        "date": "2025-10-30",
        "revenue": 15722,
        "signups": 653,
        "conversionRate": 4.84
      },
      {
        "date": "2025-10-31",
        "revenue": 45032,
        "signups": 830,
        "conversionRate": 3.55
      },
      {
        "date": "2025-11-01",
        "revenue": 20546,
        "signups": 878,
        "conversionRate": 1.71
      },
      {
        "date": "2025-11-02",
        "revenue": 28796,
        "signups": 970,
        "conversionRate": 2.57
      },
      {
        "date": "2025-11-03",
        "revenue": 31646,
        "signups": 1417,
        "conversionRate": 2.76
      },
      {
        "date": "2025-11-04",
        "revenue": 15394,
        "signups": 1082,
        "conversionRate": 1.09
      },
      {
        "date": "2025-11-05",
        "revenue": 32622,
        "signups": 645,
        "conversionRate": 2.82
      },
      {
        "date": "2025-11-06",
        "revenue": 16667,
        "signups": 653,
        "conversionRate": 1.33
      },
      {
        "date": "2025-11-07",
        "revenue": 14134,
        "signups": 1626,
        "conversionRate": 4.26
      },
      {
        "date": "2025-11-08",
        "revenue": 18148,
        "signups": 633,
        "conversionRate": 1.3
      },
      {
        "date": "2025-11-09",
        "revenue": 29428,
        "signups": 1734,
        "conversionRate": 3.04
      },
      {
        "date": "2025-11-10",
        "revenue": 24292,
        "signups": 925,
        "conversionRate": 4.64
      },
      {
        "date": "2025-11-11",
        "revenue": 35249,
        "signups": 1896,
        "conversionRate": 1.04
      },
      {
        "date": "2025-11-12",
        "revenue": 22617,
        "signups": 707,
        "conversionRate": 1.84
      },
      {
        "date": "2025-11-13",
        "revenue": 37354,
        "signups": 1759,
        "conversionRate": 1.28
      },
      {
        "date": "2025-11-14",
        "revenue": 32241,
        "signups": 1949,
        "conversionRate": 4.88
      },
      {
        "date": "2025-11-15",
        "revenue": 16208,
        "signups": 1525,
        "conversionRate": 1.02
      },
      {
        "date": "2025-11-16",
        "revenue": 14748,
        "signups": 1453,
        "conversionRate": 2.6
      },
      {
        "date": "2025-11-17",
        "revenue": 21739,
        "signups": 1214,
        "conversionRate": 2.95
      },
      {
        "date": "2025-11-18",
        "revenue": 22889,
        "signups": 1804,
        "conversionRate": 1.52
      },
      {
        "date": "2025-11-19",
        "revenue": 35086,
        "signups": 1119,
        "conversionRate": 4.59
      },
      {
        "date": "2025-11-20",
        "revenue": 17873,
        "signups": 1585,
        "conversionRate": 2.17
      },
      {
        "date": "2025-11-21",
        "revenue": 28923,
        "signups": 760,
        "conversionRate": 1.31
      },
      {
        "date": "2025-11-22",
        "revenue": 30993,
        "signups": 1027,
        "conversionRate": 1.86
      },
      {
        "date": "2025-11-23",
        "revenue": 27966,
        "signups": 1093,
        "conversionRate": 4.34
      },
      {
        "date": "2025-11-24",
        "revenue": 19257,
        "signups": 1865,
        "conversionRate": 2.05
      },
      {
        "date": "2025-11-25",
        "revenue": 36662,
        "signups": 1605,
        "conversionRate": 2.92
      },
      {
        "date": "2025-11-26",
        "revenue": 10043,
        "signups": 1203,
        "conversionRate": 4.31
      },
      {
        "date": "2025-11-27",
        "revenue": 41746,
        "signups": 1730,
        "conversionRate": 2.96
      },
      {
        "date": "2025-11-28",
        "revenue": 22690,
        "signups": 666,
        "conversionRate": 2.64
      },
      {
        "date": "2025-11-29",
        "revenue": 15485,
        "signups": 901,
        "conversionRate": 3.58
      },
      {
        "date": "2025-11-30",
        "revenue": 24325,
        "signups": 1064,
        "conversionRate": 2.51
      },
      {
        "date": "2025-12-01",
        "revenue": 45013,
        "signups": 1389,
        "conversionRate": 1.26
      },
      {
        "date": "2025-12-02",
        "revenue": 16385,
        "signups": 1986,
        "conversionRate": 3.38
      },
      {
        "date": "2025-12-03",
        "revenue": 13464,
        "signups": 1728,
        "conversionRate": 1.97
      },
      {
        "date": "2025-12-04",
        "revenue": 49744,
        "signups": 818,
        "conversionRate": 3.17
      },
      {
        "date": "2025-12-05",
        "revenue": 46240,
        "signups": 952,
        "conversionRate": 4.05
      }
    ],
    "productBreakdown": [
      {
        "name": "Basic Plan",
        "value": 45,
        "color": "#3b82f6"
      },
      {
        "name": "Pro Plan",
        "value": 35,
        "color": "#10b981"
      },
      {
        "name": "Enterprise",
        "value": 20,
        "color": "#6366f1"
      }
    ],
    "topCampaigns": [
      {
        "id": 1,
        "campaign": "Black Friday",
        "source": "Social Media",
        "roi": "112%",
        "status": "Ended"
      },
      {
        "id": 2,
        "campaign": "Summer Sale",
        "source": "Organic Search",
        "roi": "306%",
        "status": "Active"
      },
      {
        "id": 3,
        "campaign": "Tech Crunch Ad",
        "source": "Paid Ads",
        "roi": "204%",
        "status": "Ended"
      },
      {
        "id": 4,
        "campaign": "Email Blast",
        "source": "Newsletter",
        "roi": "387%",
        "status": "Ended"
      },
      {
        "id": 5,
        "campaign": "Referral",
        "source": "Direct",
        "roi": "325%",
        "status": "Active"
      }
    ]
  }